@ARTICLE{furlanetto2006dm,
   author = {{Furlanetto}, S.~R. and {Oh}, S.~P. and {Pierpaoli}, E.},
    title = "{Effects of dark matter decay and annihilation on the high-redshift 21cm background}",
  journal = {\prd},
   eprint = {arXiv:astro-ph/0608385},
 keywords = {Dark matter, Intergalactic matter; quasar absorption and emission-line systems; Lyman forest, Background radiations},
     year = 2006,
    month = nov,
   volume = 74,
   number = 10,
    pages = {103502},
      doi = {10.1103/PhysRevD.74.103502},
   adsurl = {http://adsabs.harvard.edu/abs/2006PhRvD..74j3502F},
  adsnote = {Provided by the SAO/NASA Astrophysics Data System}
}