@ARTICLE{2014arXiv1403.4295B,
   author = {{Bouwens}, R.~J. and {Illingworth}, G.~D. and {Oesch}, P.~A. and 
	{Trenti}, M. and {Labbe'}, I. and {Bradley}, L. and {Carollo}, M. and 
	{van Dokkum}, P.~G. and {Gonzalez}, V. and {Holwerda}, B. and 
	{Franx}, M. and {Spitler}, L. and {Smit}, R. and {Magee}, D.
	},
    title = "{UV Luminosity Functions at redshifts z\~{}4 to z\~{}10: 11000 Galaxies from HST Legacy Fields}",
  journal = {ArXiv e-prints},
archivePrefix = "arXiv",
   eprint = {1403.4295},
 primaryClass = "astro-ph.CO",
 keywords = {Astrophysics - Cosmology and Extragalactic Astrophysics, Astrophysics - Galaxy Astrophysics},
     year = 2014,
    month = mar,
   adsurl = {http://adsabs.harvard.edu/abs/2014arXiv1403.4295B},
  adsnote = {Provided by the SAO/NASA Astrophysics Data System}
}

@ARTICLE{2013ApJ...768...71R,
   author = {{Robertson}, B.~E. and {Furlanetto}, S.~R. and {Schneider}, E. and 
	{Charlot}, S. and {Ellis}, R.~S. and {Stark}, D.~P. and {McLure}, R.~J. and 
	{Dunlop}, J.~S. and {Koekemoer}, A. and {Schenker}, M.~A. and 
	{Ouchi}, M. and {Ono}, Y. and {Curtis-Lake}, E. and {Rogers}, A.~B. and 
	{Bowler}, R.~A.~A. and {Cirasuolo}, M.},
    title = "{New Constraints on Cosmic Reionization from the 2012 Hubble Ultra Deep Field Campaign}",
  journal = {\apj},
archivePrefix = "arXiv",
   eprint = {1301.1228},
 primaryClass = "astro-ph.CO",
 keywords = {dark ages, reionization, first stars, galaxies: evolution, galaxies: formation},
     year = 2013,
    month = may,
   volume = 768,
      eid = {71},
    pages = {71},
      doi = {10.1088/0004-637X/768/1/71},
   adsurl = {http://adsabs.harvard.edu/abs/2013ApJ...768...71R},
  adsnote = {Provided by the SAO/NASA Astrophysics Data System}
}

@ARTICLE{2013ApJ...778..102O,
   author = {{Ouchi}, M. and {Ellis}, R. and {Ono}, Y. and {Nakanishi}, K. and 
	{Kohno}, K. and {Momose}, R. and {Kurono}, Y. and {Ashby}, M.~L.~N. and 
	{Shimasaku}, K. and {Willner}, S.~P. and {Fazio}, G.~G. and 
	{Tamura}, Y. and {Iono}, D.},
    title = "{An Intensely Star-forming Galaxy at z \~{} 7 with Low Dust and Metal Content Revealed by Deep ALMA and HST Observations}",
  journal = {\apj},
archivePrefix = "arXiv",
   eprint = {1306.3572},
 primaryClass = "astro-ph.CO",
 keywords = {cosmology: observations, galaxies: formation, galaxies: high-redshift},
     year = 2013,
    month = dec,
   volume = 778,
      eid = {102},
    pages = {102},
      doi = {10.1088/0004-637X/778/2/102},
   adsurl = {http://adsabs.harvard.edu/abs/2013ApJ...778..102O},
  adsnote = {Provided by the SAO/NASA Astrophysics Data System}
}


@ARTICLE{2011MNRAS.414..847S,
   author = {{Salvaterra}, R. and {Ferrara}, A. and {Dayal}, P.},
    title = "{Simulating high-redshift galaxies}",
  journal = {\mnras},
archivePrefix = "arXiv",
   eprint = {1003.3873},
 primaryClass = "astro-ph.CO",
 keywords = {methods: numerical, galaxies: high-redshift, galaxies: luminosity function, mass function, cosmology: theory},
     year = 2011,
    month = jun,
   volume = 414,
    pages = {847-859},
      doi = {10.1111/j.1365-2966.2010.18155.x},
   adsurl = {http://adsabs.harvard.edu/abs/2011MNRAS.414..847S},
  adsnote = {Provided by the SAO/NASA Astrophysics Data System}
}
